@misc{simplecaptcha,
	author = {SimpleCaptcha},
	title = {A CAPTCHA Framework for Java},
	url = {http://simplecaptcha.sourceforge.net/},
	urlaccessdate = {23/06/2018},
	year = {2018},
}

@misc{securimage,
	author = {Securimage},
	title = {An open-source free PHP CAPTCHA script f},
	url = {https://www.phpcaptcha.org/},
	urlaccessdate = {23/06/2018},
	year = {2018},
}


@article{naivecaptcha,
	author = {Yan, Jeff and Salah El Ahmad, Ahmad},
	year = {2008},
	month = {01},
	pages = {279-291},
	title = {Breaking Visual CAPTCHAs with Naive Pattern Recognition Algorithms},
	isbn = {978-0-7695-3060-4},
	doi = {10.1109/ACSAC.2007.47},
	jornual = {Twenty-Third Annual Computer Security Applications Conference (ACSAC 2007)},
	location = {Miami Beach, FL, USA },
}


@article{lutz_early_stop,
	author = {Prechelt, Lutz},
	year = {1998},
	month = {06},
	pages = {761-767},
	title = {Automatic early stopping using cross validation: Quantifying the criteria},
	volume = {11},
	booktitle = {Neural Networks}
}

@INPROCEEDINGS{xavier_init,
	author = {Xavier Glorot and Yoshua Bengio},
	title = {Understanding the difficulty of training deep feedforward neural networks},
	booktitle = {International Conference on Artificial Intelligence and Statistics (AISTATS’10). Society for Artificial Intelligence and Statistics},
	year = {2010}
}

@article{Barron1993UniversalAB,
	title={Universal approximation bounds for superpositions of a sigmoidal function},
	author={Andrew R. Barron},
	journal={IEEE Trans. Information Theory},
	year={1993},
	volume={39},
	pages={930-945}
}




@book{lectures2005HIP,
	author = {Chellapilla, Kumar and Larson, Kevin and Simard, Patrice and Czerwinski, Mary},
	year = {2005},
	month = {01},
	pages = {1-26},
	title = {Building Segmentation Based Human-Friendly Human Interaction Proofs (HIPs)},
	volume = {3517},
	booktitle = {Lecture Notes in Computer Science},
	publisher = {Springer, Berlin, Heidelberg}
}






@article{recaptcha1,
	author = {von Ahn, Luis and Maurer, Benjamin and McMillen, Colin and Abraham, David and Blum, Manuel},
	year = {2008},
	month = {09},
	pages = {1465-8},
	title = {reCAPTCHA: Human-based character recognition via Web security measures},
	volume = {321},
	booktitle = {Science (New York, N.Y.)}
}


@article{Andoni2014PolyAprox,
	author = {Andoni, A and Panigrahy, Rina and Valiant, G and Zhang, L},
	year = {2014},
	month = {01},
	pages = {3955-3963},
	title = {Learning polynomials with neural networks},
	volume = {5},
	booktitle = {31st International Conference on Machine Learning, ICML 2014}
}

@article{HeZR015relu,
	author    = {Kaiming He and
	Xiangyu Zhang and
	Shaoqing Ren and
	Jian Sun},
	title     = {Delving Deep into Rectifiers: Surpassing Human-Level Performance on
	ImageNet Classification},
	journal   = {CoRR},
	volume    = {abs/1502.01852},
	year      = {2015},
	url       = {http://arxiv.org/abs/1502.01852},
	archivePrefix = {arXiv},
	eprint    = {1502.01852},
	timestamp = {Wed, 07 Jun 2017 14:41:19 +0200},
	biburl    = {https://dblp.org/rec/bib/journals/corr/HeZR015},
	bibsource = {dblp computer science bibliography, https://dblp.org}
}

@InProceedings{captcha2003,
	author = {von Ahn, Luis and Blum, Manuel and J. Hopper, Nicholas and Langford, John},
	year = {2003},
	month = {05},
	pages = {294-311},
	title = {CAPTCHA: using hard AI problems for security},
	volume = {2656},
	booktitle = {Advances in Cryptology, Eurocrypt},
	publisher={Springer Berlin Heidelberg},
	address={Berlin, Heidelberg},
}

@book{Goodfellow-et-al-2016,
	title={Deep Learning},
	author={Ian Goodfellow and Yoshua Bengio and Aaron Courville},
	publisher={MIT Press},
	year={2016},
	
}

@incollection{imagenet_2012,
	title = {ImageNet Classification with Deep Convolutional Neural Networks},
	author = {Alex Krizhevsky and Sutskever, Ilya and Hinton, Geoffrey E},
	booktitle = {Advances in Neural Information Processing Systems 25},
	editor = {F. Pereira and C. J. C. Burges and L. Bottou and K. Q. Weinberger},
	pages = {1097--1105},
	year = {2012},
	publisher = {Curran Associates, Inc.},
	url = {http://papers.nips.cc/paper/4824-imagenet-classification-with-deep-convolutional-neural-networks.pdf}
}

@article{mnih2015humanlevel,
	added-at = {2015-08-26T14:46:40.000+0200},
	author = {Mnih, Volodymyr and Kavukcuoglu, Koray and Silver, David and Rusu, Andrei A. and Veness, Joel and Bellemare, Marc G. and Graves, Alex and Riedmiller, Martin and Fidjeland, Andreas K. and Ostrovski, Georg and Petersen, Stig and Beattie, Charles and Sadik, Amir and Antonoglou, Ioannis and King, Helen and Kumaran, Dharshan and Wierstra, Daan and Legg, Shane and Hassabis, Demis},
	biburl = {https://www.bibsonomy.org/bibtex/2fb15f4471c81dc2b9edf2304cb2f7083/hotho},
	description = {Human-level control through deep reinforcement learning - nature14236.pdf},
	interhash = {eac59980357d99db87b341b61ef6645f},
	intrahash = {fb15f4471c81dc2b9edf2304cb2f7083},
	issn = {00280836},
	journal = {Nature},
	keywords = {deep learning toread},
	month = feb,
	number = 7540,
	pages = {529--533},
	publisher = {Nature Publishing Group, a division of Macmillan Publishers Limited. All Rights Reserved.},
	timestamp = {2015-08-26T14:46:40.000+0200},
	title = {Human-level control through deep reinforcement learning},
	url = {http://dx.doi.org/10.1038/nature14236},
	volume = 518,
	year = 2015
}

@article{captcha_review_2017,
	author={Y W Chow and W Susilo},
	title={Text-based CAPTCHAs over the years},
	journal={IOP Conference Series: Materials Science and Engineering},
	volume={273},
	number={1},
	pages={012001},
	url={http://stacks.iop.org/1757-899X/273/i=1/a=012001},
	year={2017},
}


@article{captcha_break_2013,
	author    = {Ian J. Goodfellow and
	Yaroslav Bulatov and
	Julian Ibarz and
	Sacha Arnoud and
	Vinay D. Shet},
	title     = {Multi-digit Number Recognition from Street View Imagery using Deep
	Convolutional Neural Networks},
	journal   = {CoRR},
	volume    = {abs/1312.6082},
	year      = {2013},
	url       = {http://arxiv.org/abs/1312.6082},
	archivePrefix = {arXiv},
	eprint    = {1312.6082},
	timestamp = {Wed, 07 Jun 2017 14:40:39 +0200},
	biburl    = {https://dblp.org/rec/bib/journals/corr/GoodfellowBIAS13},
	bibsource = {dblp computer science bibliography, https://dblp.org}
}

@inproceedings{word2vec_2013,
	author = {Mikolov, Tomas and Sutskever, Ilya and Chen, Kai and Corrado, Greg and Dean, Jeffrey},
	title = {Distributed Representations of Words and Phrases and Their Compositionality},
	booktitle = {Proceedings of the 26th International Conference on Neural Information Processing Systems - Volume 2},
	series = {NIPS'13},
	year = {2013},
	location = {Lake Tahoe, Nevada},
	pages = {3111--3119},
	numpages = {9},
	url = {http://dl.acm.org/citation.cfm?id=2999792.2999959},
	acmid = {2999959},
	publisher = {Curran Associates Inc.},
	address = {USA},
} 

@inproceedings{imarobot,
	author = {Suphannee Sivakorn and Iasonas Polakis and Angelos D. Keromytis},
	title = {I Am Robot: (Deep) Learning to Break Semantic Image CAPTCHAs},
	year = {2016},
	month = {March},
	jornual = {IEEE European Symposium on Security and Privacy},
	doi = {10.1109/EuroSP.2016.37},
	pages={388-403},
	publisher = {IEEE},
	location={Saarbrücken, GERMANY}
}




@article{alphagozero_2017,
	author = {Silver, David and Schrittwieser, Julian and Simonyan, Karen and Antonoglou, Ioannis and Huang, Aja and Guez, Arthur and Hubert, Thomas and Baker, Lucas and Lai, Matthew and Bolton, Adrian and Chen, Yutian and Lillicrap, Timothy and Hui, Fan and Sifre, Laurent and van den Driessche, George and Graepel, Thore and Hassabis, Demis},
	year = {2017},
	month = {10},
	pages = {354-359},
	title = {Mastering the game of Go without human knowledge},
	volume = {550},
	booktitle = {Nature}
}

@article{Redmon2017YOLO9000BF,
	title={YOLO9000: Better, Faster, Stronger},
	author={Joseph Redmon and Ali Farhadi},
	journal={2017 IEEE Conference on Computer Vision and Pattern Recognition (CVPR)},
	year={2017},
	pages={6517-6525}
}


@inproceedings{Bursztein2014TheEI,
	title={The End is Nigh: Generic Solving of Text-based CAPTCHAs},
	author={Elie Bursztein and Jonathan Aigrain and Angelique Moscicki and John C. Mitchell},
	booktitle={WOOT},
	year={2014}
}

@article{captcha_break_2017,
	author = {George, Dileep and Lehrach, Wolfgang and Kansky, Ken and Lazaro-Gredilla, Miguel and Laan, Christopher and Marthi, Bhaskara and Lou, Xinghua and Meng, Zhaoshi and Liu, Yi and Wang, Huayan and Lavin, Alex and Scott Phoenix, D},
	year = {2017},
	month = {10},
	pages = {eaag2612},
	title = {A generative vision model that trains with high data efficiency and breaks text-based CAPTCHAs},
	volume = {358},
	booktitle = {Science}
}

@incollection{backpropagation_1986,
	author = {Rumelhart, D. E. and Hinton, G. E. and Williams, R. J.},
	chapter = {Learning Internal Representations by Error Propagation},
	title = {Parallel Distributed Processing: Explorations in the Microstructure of Cognition, Vol. 1},
	editor = {Rumelhart, David E. and McClelland, James L. and PDP Research Group, CORPORATE},
	year = {1986},
	isbn = {0-262-68053-X},
	pages = {318--362},
	numpages = {45},
	
	acmid = {104293},
	publisher = {MIT Press},
	address = {Cambridge, MA, USA},
} 


@ARTICLE{perceptron_58,
	author = {F. Rosenblatt},
	title = {The Perceptron: A Probabilistic Model for Information Storage and Organization in The Brain},
	journal = {Psychological Review},
	year = {1958},
	pages = {65--386}
}


@article{adam_op,
	author    = {Diederik P. Kingma and
	Jimmy Ba},
	title     = {Adam: {A} Method for Stochastic Optimization},
	journal   = {CoRR},
	volume    = {abs/1412.6980},
	year      = {2014},
	url       = {http://arxiv.org/abs/1412.6980},
	archivePrefix = {arXiv},
	eprint    = {1412.6980},
	timestamp = {Wed, 07 Jun 2017 14:40:52 +0200},
	biburl    = {https://dblp.org/rec/bib/journals/corr/KingmaB14},
	bibsource = {dblp computer science bibliography, https://dblp.org}
}


